/home/philip/documents/text/references/bibliography.bib