
@Article{Hopcroft1969,
	file = {pdfs/Hopcroft1969_Article_OnTheEquivalenceAndContainment.pdf},
	author = "Hopcroft, J. E.",
	title = {On the equivalence and containment problems for context-free languages},
	journal = "Mathematical systems theory",
	year = "1969",
	month = "Jun",
	day = "01",
	volume = "3",
	number = "2",
	pages = "119--124",
	abstract = "LetG andG0 be context-free grammars. Necessary and sufficient conditions onG0 are obtained for the decidability ofL(G0)                                                                          {\$}{\$} {\backslash}subseteq {\$}{\$}                L((G) It is also shown that it is undecidable for whichG0,L(G)                                                                          {\$}{\$} {\backslash}subseteq {\$}{\$}                 is decidable. Furthermore, given thatL(G)                                                                          {\$}{\$} {\backslash}subseteq {\$}{\$}                 is decidable for a fixedG0, there is no effective procedure to determine the algorithm which decidesL(G)                                                                          {\$}{\$} {\backslash}subseteq {\$}{\$}                 IfL(G0) is a regular set,L(G) = L(G0) is decidable if and only ifL(G0) is bounded. However, there exist non-regular, unboundedL(G0) for whichL(G) = L(G0) is decidable.",
	issn = "1433-0490",
	doi = "10.1007/BF01746517",
	url = "https://doi.org/10.1007/BF01746517"
}

@article{REEDY197577,
	file = {pdfs/1-s2.0-0304397575900134-main.pdf},
	title = "The Turing degree of the inherent ambiguity problem for context-free languages",
	journal = "Theoretical Computer Science",
	volume = "1",
	number = "1",
	pages = "77 - 91",
	year = "1975",
	issn = "0304-3975",
	doi = "https://doi.org/10.1016/0304-3975(75)90013-4",
	url = "http://www.sciencedirect.com/science/article/pii/0304397575900134",
	author = "Ann Reedy and Walter J. Savitch"
}

@online{ambos-spies06:_degrees_unsol,
	file = {pdfs/History_of_Degrees.pdf},
	date = {March 20, 2006},
	year = {2006},
	title = {Degrees of Unsolvability},
	author = {Ambos-Spies, Klaus AND Fejer, Peter A.},
	url = {https://www.cs.umb.edu/~fejer/articles/History_of_Degrees.pdf},
}

@article{church36:_unsol_probl_elemen_number_theor,
  file =		 {pdfs/church.pdf},
  ISSN =		 {00029327, 10806377},
  URL =			 {http://www.jstor.org/stable/2371045},
  author =		 {Alonzo Church},
  journal =		 {American Journal of Mathematics},
  number =		 2,
  pages =		 {345--363},
  publisher =	 {Johns Hopkins University Press},
  title =		 {An unsolvable problem of elementary number theory},
  volume =		 58,
  year =		 1936
}

@INPROCEEDINGS{ginsburg65:_deter,
	file = {pdfs/05397242.pdf},
	author = {Ginsburg, Seymour and Greibach, Sheila A.},
	booktitle = {6th Annual Symposium on Switching Circuit Theory and Logical Design (SWCT 1965)},
	title = {Deterministic context free languages},
	year = {1965},
	volume = {},
	number = {},
	pages = {203-220},
	keywords = {Automata},
	doi = {10.1109/FOCS.1965.7},
	ISSN = {},
	month = {Oct}
}

@Book{ginsburg66:_mathem_theor_contex_languag,
	file = {pdfs/The-mathematical-theory-of-context-free-languages.djvu},
	publisher = {McGraw-Hill},
	year = {1966},
	title = {The mathematical theory of context-free languages},
	author = {Ginsburg, Seymour}
}

@article{greibach66:_unsol_recog_linear_contex_free_languag,
	file = {pdfs/p582-greibach.pdf},
	author = {Greibach, Sheila A.},
	title = {The unsolvability of the recognition of linear context-free languages},
	journal = {J. ACM},
	issue_date = {Oct. 1966},
	volume = {13},
	number = {4},
	month = oct,
	year = {1966},
	issn = {0004-5411},
	pages = {582--587},
	numpages = {6},
	url = {http://doi.acm.org/10.1145/321356.321365},
	doi = {10.1145/321356.321365},
	acmid = {321365},
	publisher = {ACM},
	address = {New York, NY, USA}
}

@InProceedings{hartmanis66:_contex_turin,
	file = {pdfs/Mathematical-Aspects-of-Computer-Science.djvu},
	author = {Hartmanis, J.},
	booktitle = {Mathematical Aspects of Computer Science},
	pages = {42--51},
	organization = {Symposia in Applied Mathematics},
	publisher = {American Mathematical Society},
	volume = {19},
	editor = {Schwartz, J. T.},
	date = {April 5--7, 1966},
	year = {1966},
	title = {Context-free languages and Turing machine computations}
}

@Book{hopcroft07:_introd_autom_theor_languag_comput,
	isbn = {0321455363},
	publisher = {Pearson/Addison Wesley},
	edition = {3},
	year = {2007},
	title = {Introduction to Automata Theory, Languages, and Computation},
	author = {Hopcroft, John E. AND Motwani, Rajeev AND Ullman, Jeffrey D.}
}

@article{kleene43_recur_predic_quant,
  author =		 {S. C. Kleene},
  title =		 {Recursive predicates and quantifiers},
  journal =		 {Transactions of the American Mathematical Society},
  volume =		 53,
  number =		 1,
  pages =		 {41-41},
  year =		 1943,
  doi =			 {10.1090/s0002-9947-1943-0007371-8},
  url =			 {https://doi.org/10.1090/s0002-9947-1943-0007371-8},
  DATE_ADDED =	 {Mon Jul 16 10:16:35 2018}
}

@book{kozen99_autom,
	author = {Dexter C. Kozen},
	title = {Automata and Computability},
	year = 1999,
	publisher = {Springer},
	url = {http://www.worldcat.org/oclc/247385967?referer=xid},
	city = {New York, NY [u.a.]},
	ed = {corr. 3 printing.},
	form = {BB},
	isbn = 9780387949079,
	lang = {eng},
	lccn = 96037409,
	oclcnum = {247385967 247466015 318389209 35911836 421585395 437402573
                  473652919 603325934 797348181 807123404 856749279 869871257
                  878762869}
}

@Book{lerman16:_degrees_unsol,
	file = {pdfs/Degrees-of-Unsolvability-Local-and-Global-Theory.pdf},
	isbn = {9781107168138},
	publisher = {Cambridge University Press},
	year = {2016},
	title = {Degrees of Unsolvability},
	author = {Lerman, Manuel}
}

@article{minsky61:_recur_unsol_posts_probl_tag,
  file =		 {pdfs/1970290.pdf},
  ISSN =		 {0003486X},
  URL =			 {http://www.jstor.org/stable/1970290},
  author =		 {Marvin L. Minsky},
  journal =		 {Annals of Mathematics},
  number =		 3,
  pages =		 {437--455},
  publisher =	 {Annals of Mathematics},
  title =		 {Recursive unsolvability of Post's problem of "tag" and other
                  topics in theory of Turing machines},
  volume =		 74,
  year =		 1961
}

@Article{post44:_recur,
	file = {pdfs/S0002-9904-1944-08111-1.pdf},
	pages = {284-316},
	volume = {50},
	issn = {1088-9485},
	doi = {https://doi.org/10.1090/S0002-9904-1944-08111-1 },
	year = {1944},
	journaltitle = {Bulletin of the American Mathematical Society},
	title = {Recursively enumerable sets of positive integers and their decision problems},
	author = {Post, Emil L.}
}

@Article{post46,
	file = {pdfs/euclid.bams.1183507843.pdf},
	doi = {https://doi.org/10.1090/S0002-9904-1946-08555-9 },
	pages = {264--268},
	volume = {52},
	year = {1946},
	journaltitle = {Bulletin of the American Mathematical Society},
	title = {A variant of a recursively unsolvable problem},
	author = {Post, Emil L.}
}

@article{sacks64:_recur_enumer_degrees_dense,
  file =		 {pdfs/1970393.pdf},
  ISSN =		 {0003486X},
  URL =			 {http://www.jstor.org/stable/1970393},
  author =		 {Gerald E. Sacks},
  journal =		 {Annals of Mathematics},
  number =		 2,
  pages =		 {300--312},
  publisher =	 {Annals of Mathematics},
  title =		 {The recursively enumerable degrees are dense},
  volume =		 80,
  year =		 1964
}

@InProceedings{senizergues_det_pd_decid,
	author = "S{\'e}nizergues, G{\'e}raud",
	editor = "Degano, Pierpaolo
and Gorrieri, Roberto
and Marchetti-Spaccamela, Alberto",
	title = "The equivalence problem for deterministic pushdown automata is decidable",
	booktitle = "Automata, Languages and Programming",
	year = "1997",
	publisher = "Springer Berlin Heidelberg",
	address = "Berlin, Heidelberg",
	pages = "671--681",
	abstract = "The equivalence problem for deterministic pushdown automata is shown to be decidable. We exhibit a complete formal system for deducing equivalent pairs of deterministic rational series on the alphabet associated with a dpda M.",
	isbn = "978-3-540-69194-5"
}

@Article{shore99:_defin_turin_jump,
	file = {pdfs/MRL-1999-0006-0006-a010.pdf},
	doi = {http://dx.doi.org/10.4310/MRL.1999.v6.n6.a10},
	pages = {711--722},
	number = {6},
	volume = {6},
	year = {1999},
	journaltitle = {Mathematical Research Letters},
  title = 		 {Defining the turing jump},
	author = {Shore, Richard A. AND Slaman, Theodore A.}
}

@article{simpson77:_first_order_theor_degrees_recur_unsol,
  file =		 {pdfs/1971028.pdf},
  ISSN =		 {0003486X},
  URL =			 {http://www.jstor.org/stable/1971028},
  author =		 {Stephen G. Simpson},
  journal =		 {Annals of Mathematics},
  number =		 1,
  pages =		 {121--139},
  publisher =	 {Annals of Mathematics},
  title =		 {First-order theory of the degrees of recursive unsolvability},
  volume =		 105,
  year =		 1977
}

@Book{sipser13:_introd_theor_comput,
	file = {pdfs/Introduction to the theory of computation_third edition - Michael Sipser.pdf},
	isbn = {1133187811},
	edition = {3},
	year = {2013},
	publisher = {Cengage Learning},
	title = {Introduction to the Theory of Computation},
	author = {Sipser, Michael}
}

@inbook{soare16_turin_comput,
	author = {Robert I. Soare},
	title = {History of Computability},
	booktitle = {Turing Computability},
	year = 2016,
	publisher = {Springer Berlin Heidelberg},
	url = {https://doi.org/10.1007/978-3-642-31933-4},
	DATE_ADDED = {Mon Jul 16 10:27:15 2018},
	doi = {10.1007/978-3-642-31933-4},
	journal = {Theory and Applications of Computability},
	chapter = {17},
	pages = {227--249},
	series = {Theory and Applications of Computability}
}

@article{soare1999history,
	title = {The history and concept of computability},
	author = {Soare, Robert I},
	journal = {Handbook of computability theory},
	volume = {140},
	pages = {3--36},
	year = {1999},
	publisher = {Elsevier 3--36, Amsterdam}
}

@article{turing37_comput_number_with_applic_to_entsc,
  author =		 {A. M. Turing},
  title =		 {On Computable Numbers, With an Application To the
                  Entscheidungsproblem},
  journal =		 {Proceedings of the London Mathematical Society},
  volume =		 {s2-42},
  number =		 1,
  pages =		 {230-265},
  year =		 1937,
  doi =			 {10.1112/plms/s2-42.1.230},
  url =			 {https://doi.org/10.1112/plms/s2-42.1.230},
  DATE_ADDED =	 {Tue Jul 17 16:18:11 2018},
}

@book{kleene80_introd,
  author =		 {Stephen Cole Kleene},
  title =		 {Introduction to metamathematics},
  year =		 1952,
  city =		 {Groningen},
  form =		 {BA},
  lang =		 {eng},
  lccn =		 53001848,
}

@article{kleene54_upper_semi_lattic_degrees_recur_unsol,
  author =		 {S. C. Kleene and Emil L. Post},
  title =		 {The Upper Semi-Lattice of Degrees of Recursive Unsolvability},
  journal =		 {The Annals of Mathematics},
  volume =		 59,
  number =		 3,
  pages =		 379,
  year =		 1954,
  doi =			 {10.2307/1969708},
  url =			 {https://doi.org/10.2307/1969708},
  DATE_ADDED =	 {Tue Jul 17 16:42:22 2018},
}

@article{shoenfield66_theor_minim_degrees,
  author =		 {J. R. Shoenfield},
  title =		 {A Theorem on Minimal Degrees},
  journal =		 {The Journal of Symbolic Logic},
  volume =		 31,
  number =		 04,
  pages =		 {539-544},
  year =		 1966,
  doi =			 {10.2307/2269688},
  url =			 {https://doi.org/10.2307/2269688},
  DATE_ADDED =	 {Tue Jul 17 16:48:43 2018},
}

@article{spector56_degrees_recur_unsol,
  author =		 {Clifford Spector},
  title =		 {On Degrees of Recursive Unsolvability},
  journal =		 {The Annals of Mathematics},
  volume =		 64,
  number =		 3,
  pages =		 581,
  year =		 1956,
  doi =			 {10.2307/1969604},
  url =			 {https://doi.org/10.2307/1969604},
  DATE_ADDED =	 {Tue Jul 17 16:54:02 2018},
}

@article {Friedberg236,
  author =		 {Friedberg, Richard M.},
  title =		 {Two recursively enumerable sets of incomparable degrees of
                  unsolvability (solution of Post's problem,
                  1944)},
  volume =		 43,
  number =		 2,
  pages =		 {236--238},
  year =		 1957,
  doi =			 {10.1073/pnas.43.2.236},
  publisher =	 {National Academy of Sciences},
  issn =		 {0027-8424},
  URL =			 {http://www.pnas.org/content/43/2/236},
  eprint =		 {http://www.pnas.org/content/43/2/236.full.pdf},
  journal =		 {Proceedings of the National Academy of Sciences}
}

